@Article{10.1214/aoms/1177704472,
  author    = {Emanuel Parzen},
  journal   = {Ann. Math. Stat.},
  title     = {{On estimation of a probability density function and mode}},
  year      = {1962},
  number    = {3},
  pages     = {1065-1076},
  volume    = {33},
  doi       = {10.1214/aoms/1177704472},
  groups    = {data_analysis_techniques},
  publisher = {Institute of Mathematical Statistics},
  url       = {https://doi.org/10.1214/aoms/1177704472},
}

@Article{10.1214/aoms/1177728190,
  author    = {Murray Rosenblatt},
  journal   = {Ann. Math. Stat.},
  title     = {{Remarks on some nonparametric estimates of a density function}},
  year      = {1956},
  number    = {3},
  pages     = {832-837},
  volume    = {27},
  doi       = {10.1214/aoms/1177728190},
  groups    = {data_analysis_techniques},
  publisher = {Institute of Mathematical Statistics},
  url       = {https://doi.org/10.1214/aoms/1177728190},
}

% Can be opened with JabRef 5.3 (https://www.jabref.org)

@Article{10.1371/journal.pone.0118432,
  author    = {Saito, Takaya AND Rehmsmeier, Marc},
  journal   = {PLOS ONE},
  title     = {The precision-recall plot is more informative than the ROC plot when evaluating binary classifiers on imbalanced datasets},
  year      = {2015},
  month     = {03},
  number    = {3},
  pages     = {1-21},
  volume    = {10},
  doi       = {10.1371/journal.pone.0118432},
  groups    = {data_analysis_techniques},
  publisher = {Public Library of Science},
  url       = {https://doi.org/10.1371/journal.pone.0118432},
}

@Article{2020SciPy-NMeth,
  author  = {Virtanen, Pauli and Gommers, Ralf and Oliphant, Travis E. and Haberland, Matt and Reddy, Tyler and Cournapeau, David and Burovski, Evgeni and Peterson, Pearu and Weckesser, Warren and Bright, Jonathan and {van der Walt}, St{\'e}fan J. and Brett, Matthew and Wilson, Joshua and Millman, K. Jarrod and Mayorov, Nikolay and Nelson, Andrew R. J. and Jones, Eric and Kern, Robert and Larson, Eric and Carey, C J and Polat, {\.I}lhan and Feng, Yu and Moore, Eric W. and {VanderPlas}, Jake and Laxalde, Denis and Perktold, Josef and Cimrman, Robert and Henriksen, Ian and Quintero, E. A. and Harris, Charles R. and Archibald, Anne M. and Ribeiro, Ant{\^o}nio H. and Pedregosa, Fabian and {van Mulbregt}, Paul and {SciPy 1.0 Contributors}},
  journal = {Nature Methods},
  title   = {{{SciPy} 1.0: fundamental algorithms for scientific computing in Python}},
  year    = {2020},
  pages   = {261--272},
  volume  = {17},
  adsurl  = {https://rdcu.be/b08Wh},
  doi     = {10.1038/s41592-019-0686-2},
  groups  = {software, data_analysis_techniques},
}

@Article{Aaij2014,
  author        = {Aaij, R. \textit{et al.}},
  journal       = {Phys. Rev. Lett.},
  title         = {{Test of lepton universality using ${B}^{+}\ensuremath{\rightarrow}{K}^{+}{\ensuremath{\ell}}^{+}{\ensuremath{\ell}}^{\ensuremath{-}}$ decays}},
  year          = {2014},
  pages         = {151601},
  volume        = {113},
  collaboration = {LHCb},
  doi           = {10.1103/PhysRevLett.113.151601},
  file          = {:pdfs/anomalies_LHCb2014_bkll_2.pdf:PDF},
  groups        = {anomalies},
}

@Article{Abe:2010gxa,
  author        = {Abe, T. and others},
  title         = {{Belle II technical design report}},
  year          = {2010},
  month         = {11},
  archiveprefix = {arXiv},
  collaboration = {Belle II},
  eprint        = {1011.0352},
  groups        = {experimental_setup},
  primaryclass  = {physics.ins-det},
  reportnumber  = {KEK-REPORT-2010-1},
}

@Article{Abudinen2020,
  author        = {Abudin\'en, F. \textit{et al.}},
  journal       = {Chin. Phys. C},
  title         = {{Measurement of the integrated luminosity of the Phase 2 data of the Belle II experiment}},
  year          = {2020},
  pages         = {021001},
  volume        = {44},
  collaboration = {Belle II},
  doi           = {10.1088/1674-1137/44/2/021001},
  groups        = {belleII},
}

% GEANT 4

@Article{Agostinelli2003,
  author        = {Agostinelli, S. \textit{et al.}},
  journal       = {Nucl. Instrum. Meth. A},
  title         = {{GEANT4: a simulation toolkit}},
  year          = {2003},
  pages         = {250--303},
  volume        = {506},
  collaboration = {GEANT4},
  doi           = {10.1016/S0168-9002(03)01368-8},
  groups        = {simulation},
}

@Book{Aitchison:2004cs,
  author    = {Aitchison, Ian J. R. and Hey, Anthony J. G.},
  publisher = {Taylor \& Francis},
  title     = {{Gauge theories in particle physics: a practical introduction, volume 2: non-Abelian gauge theories : QCD and the electroweak theory, fourth edition}},
  year      = {2013},
  isbn      = {978-1-4665-1310-5, 978-1-4665-1307-5, 978-0-429-18539-7},
  doi       = {10.1201/9781466513105},
  groups    = {sm},
}

@Article{AKAI2018188,
  author   = {Kazunori Akai and Kazuro Furukawa and Haruyo Koiso},
  journal  = {Nucl. Instrum. Meth. A},
  title    = {{SuperKEKB collider}},
  year     = {2018},
  issn     = {0168-9002},
  note     = {Advances in Instrumentation and Experimental Methods (Special Issue in Honour of Kai Siegbahn)},
  pages    = {188-199},
  volume   = {907},
  abstract = {SuperKEKB, a 7 GeV electron – 4 GeV positron double-ring collider, is constructed by upgrading KEKB in order to seek new physics beyond the Standard Model. The design luminosity of SuperKEKB is 8×1035cm−2s−1—40 times higher than that achieved by KEKB. The greater part of the gain comes from significantly decreasing the beam sizes at the interaction point based on the nanobeam collision scheme; the design beam currents in both rings are double those achieved in KEKB. Large-scale construction to upgrade both the collider rings and the injector was conducted, and beam commissioning without the Belle II detector and final-focus magnets was successfully carried out from February to June in 2016. Subsequently, renovation of the interaction region, including the installation of the final-focus magnets and Belle II, and construction in the final stage of a new positron damping ring were conducted. Having completed the interaction region, beam collision tuning is scheduled from March till July in 2018. This paper reviews the design, construction, and beam commissioning of SuperKEKB.},
  doi      = {https://doi.org/10.1016/j.nima.2018.08.017},
  groups   = {experimental_setup},
  keywords = {Electron, Positron, B factory, Asymmetric collider, SuperKEKB},
  url      = {https://www.sciencedirect.com/science/article/pii/S0168900218309616},
}

@Article{Altmannshofer:2009ma,
  author        = {Altmannshofer, Wolfgang and Buras, Andrzej J. and Straub, David M. and Wick, Michael},
  journal       = {JHEP},
  title         = {{New strategies for new physics search in $B \to K^{*} \nu \bar{\nu}$, $B \to K \nu \bar{\nu}$ and $B \to X_{s} \nu \bar{\nu}$ decays}},
  year          = {2009},
  pages         = {022},
  volume        = {04},
  archiveprefix = {arXiv},
  doi           = {10.1088/1126-6708/2009/04/022},
  eprint        = {0902.0160},
  file          = {:pdfs/bsnn_th_Buras2009_br.pdf:PDF},
  groups        = {bsnn_th},
  primaryclass  = {hep-ph},
  reportnumber  = {TUM-HEP-709-09},
}

% HFLAV

@Article{Amhis2019,
  author        = {Amhis, Y. S. \textit{et al.}},
  title         = {{Averages of $b$-hadron, $c$-hadron, and $\tau$-lepton properties as of 2018}},
  year          = {2019},
  collaboration = {HFLAV},
  eprint        = {1909.12524},
  groups        = {references},
}

@Article{Angelescu:2021lln,
  author        = {Angelescu, Andrei and Be\v{c}irevi\'c, Damir and Faroughy, Darius A. and Jaffredo, Florentin and Sumensari, Olcyr},
  journal       = {Phys. Rev. D},
  title         = {{Single leptoquark solutions to the B-physics anomalies}},
  year          = {2021},
  number        = {5},
  pages         = {055017},
  volume        = {104},
  archiveprefix = {arXiv},
  doi           = {10.1103/PhysRevD.104.055017},
  eprint        = {2103.12504},
  file          = {:pdfs/bsm_Becirevic2021_leptoquark.pdf:PDF},
  groups        = {bsm},
  primaryclass  = {hep-ph},
  reportnumber  = {ZU-TH 12/21},
}

@Article{ATLAS:2008xda,
  author        = {Aad, G. and others},
  journal       = {JINST},
  title         = {{The ATLAS Experiment at the CERN Large Hadron Collider}},
  year          = {2008},
  pages         = {S08003},
  volume        = {3},
  collaboration = {ATLAS},
  doi           = {10.1088/1748-0221/3/08/S08003},
  groups        = {introduction},
}

@Article{ATLAS:2012yve,
  author        = {Aad, Georges and others},
  journal       = {Phys. Lett. B},
  title         = {{Observation of a new particle in the search for the Standard Model Higgs boson with the ATLAS detector at the LHC}},
  year          = {2012},
  pages         = {1--29},
  volume        = {716},
  archiveprefix = {arXiv},
  collaboration = {ATLAS},
  doi           = {10.1016/j.physletb.2012.08.020},
  eprint        = {1207.7214},
  groups        = {introduction},
  primaryclass  = {hep-ex},
  reportnumber  = {CERN-PH-EP-2012-218},
}

@Article{Aubert2005,
  author        = {Aubert, B. \textit{et al.}},
  journal       = {Phys. Rev. D},
  title         = {{A measurement of the total width, the electronic width, and the mass of the $\Upsilon(10580)$ resonance}},
  year          = {2005},
  pages         = {032005},
  volume        = {72},
  collaboration = {BaBaR},
  doi           = {10.1103/PhysRevD.72.032005},
  groups        = {search_for_b2knn},
}

@Article{BaBar:2001pki,
  author        = {Aubert, Bernard and others},
  journal       = {Phys. Rev. Lett.},
  title         = {{Observation of CP violation in the $B^0$ meson system}},
  year          = {2001},
  pages         = {091801},
  volume        = {87},
  archiveprefix = {arXiv},
  collaboration = {BaBar},
  doi           = {10.1103/PhysRevLett.87.091801},
  eprint        = {hep-ex/0107013},
  groups        = {b_factories},
  reportnumber  = {SLAC-PUB-8904, BABAR-PUB-01-18},
}

@Article{BaBar:2001yhh,
  author        = {Aubert, Bernard and others},
  journal       = {Nucl. Instrum. Meth. A},
  title         = {{The BaBar detector}},
  year          = {2002},
  pages         = {1--116},
  volume        = {479},
  archiveprefix = {arXiv},
  collaboration = {BaBar},
  doi           = {10.1016/S0168-9002(01)02012-5},
  eprint        = {hep-ex/0105044},
  groups        = {bsnn_exp},
  reportnumber  = {SLAC-PUB-8569, BABAR-PUB-01-08},
}

@Article{BaBar:2004rrm,
  author        = {Aubert, Bernard and others},
  journal       = {Phys. Rev. D},
  title         = {{A measurement of the total width, the electronic width, and the mass of the $\Upsilon(10580)$ resonance}},
  year          = {2005},
  pages         = {032005},
  volume        = {72},
  archiveprefix = {arXiv},
  collaboration = {BaBar},
  doi           = {10.1103/PhysRevD.72.032005},
  eprint        = {hep-ex/0405025},
  reportnumber  = {SLAC-PUB-10439, BABAR-PUB-04-06},
}

@Article{BaBar:2004xlo,
  author        = {Aubert, Bernard and others},
  journal       = {Phys. Rev. Lett.},
  title         = {{A search for the decay $B^+ \to K^+ \nu \bar{\nu}$}},
  year          = {2005},
  pages         = {101801},
  volume        = {94},
  archiveprefix = {arXiv},
  collaboration = {BaBar},
  doi           = {10.1103/PhysRevLett.94.101801},
  eprint        = {hep-ex/0411061},
  file          = {:pdfs/bsnn_exp_Babar2005_hadronic_and_sl_tag.pdf:PDF},
  groups        = {bsnn_exp},
  reportnumber  = {SLAC-PUB-10860, BABAR-PUB-04-036},
}

@Article{BaBar:2008jdv,
  author        = {Aubert, Bernard and others},
  journal       = {Phys. Rev. Lett.},
  title         = {{Direct CP, lepton flavor and isospin asymmetries in the decays $B \to K^{(*)} \ell^{+} \ell^{-}$}},
  year          = {2009},
  pages         = {091803},
  volume        = {102},
  archiveprefix = {arXiv},
  collaboration = {BaBar},
  doi           = {10.1103/PhysRevLett.102.091803},
  eprint        = {0807.4119},
  groups        = {b_factories},
  primaryclass  = {hep-ex},
  reportnumber  = {BABAR-PUB-08-022, SLAC-PUB-13322},
}

@Article{BaBar:2008zui,
  author        = {Aubert, Bernard and others},
  journal       = {Phys. Rev. D},
  title         = {{Measurements of the semileptonic decays $\Bb\to D\ell\nub$ and $\Bb\to D^*\ell\nub$ using a global fit to $D X \ell \nub$ final states}},
  year          = {2009},
  pages         = {012002},
  volume        = {79},
  archiveprefix = {arXiv},
  collaboration = {BaBar},
  doi           = {10.1103/PhysRevD.79.012002},
  eprint        = {0809.0828},
  groups        = {b_factories},
  primaryclass  = {hep-ex},
  reportnumber  = {SLAC-PUB-13371, BABAR-PUB-08-027},
}

@Article{BaBar:2009qmj,
  author        = {Aubert, Bernard and others},
  journal       = {Phys. Rev. D},
  title         = {{Measurements of the $\tau$ mass and the mass difference of the $\tau^+$ and $\tau^-$ at BaBaR}},
  year          = {2009},
  pages         = {092005},
  volume        = {80},
  archiveprefix = {arXiv},
  collaboration = {BaBar},
  doi           = {10.1103/PhysRevD.80.092005},
  eprint        = {0909.3562},
  groups        = {b_factories},
  primaryclass  = {hep-ex},
  reportnumber  = {SLAC-PUB-13791, BABAR-PUB-09116},
}

@Article{BaBar:2009zxk,
  author        = {Aubert, Bernard and others},
  journal       = {Phys. Rev. Lett.},
  title         = {{Measurement of $|V_{cb}|$ and the form-factor slope in $\Bb\to D \ell^- \nub_\ell$ decays in events tagged by a fully reconstructed B Meson}},
  year          = {2010},
  pages         = {011802},
  volume        = {104},
  archiveprefix = {arXiv},
  collaboration = {BaBar},
  doi           = {10.1103/PhysRevLett.104.011802},
  eprint        = {0904.4063},
  groups        = {b_factories},
  primaryclass  = {hep-ex},
  reportnumber  = {BABAR-PUB-09-009, SLAC-PUB-13580},
}

@Article{BaBar:2010oqg,
  author        = {del Amo Sanchez, P. and others},
  journal       = {Phys. Rev. D},
  title         = {{Search for the rare decay $B \to K \nu \bar{\nu}$}},
  year          = {2010},
  pages         = {112002},
  volume        = {82},
  archiveprefix = {arXiv},
  collaboration = {BaBar},
  doi           = {10.1103/PhysRevD.82.112002},
  eprint        = {1009.1529},
  file          = {:pdfs/bsnn_exp_Babar2010_sl_tag.pdf:PDF},
  groups        = {bsnn_exp},
  primaryclass  = {hep-ex},
  reportnumber  = {SLAC-PUB-14237, BABAR-PUB-10-011},
}

@Article{BaBar:2013byz,
  author        = {Aubert, B. and others},
  journal       = {Nucl. Instrum. Meth. A},
  title         = {{The BaBaR detector: upgrades, operation and performance}},
  year          = {2013},
  pages         = {615--701},
  volume        = {729},
  archiveprefix = {arXiv},
  collaboration = {BaBar},
  doi           = {10.1016/j.nima.2013.05.107},
  eprint        = {1305.3560},
  groups        = {bsnn_exp},
  primaryclass  = {physics.ins-det},
  reportnumber  = {BABAR-PUB-13-009, SLAC-PUB-15456},
}

@Article{BaBar:2013npw,
  author        = {Lees, J. P. and others},
  journal       = {Phys. Rev. D},
  title         = {{Search for $B \to K^{(*)} \nu \overline \nu$ and invisible quarkonium decays}},
  year          = {2013},
  number        = {11},
  pages         = {112005},
  volume        = {87},
  archiveprefix = {arXiv},
  collaboration = {BaBar},
  doi           = {10.1103/PhysRevD.87.112005},
  eprint        = {1303.7465},
  file          = {:pdfs/bsnn_exp_Babar2013_hadronic_and_sl_tag.pdf:PDF},
  groups        = {bsnn_exp},
  primaryclass  = {hep-ex},
  reportnumber  = {BABAR-CONF-13-002, SLAC-PUB-15411, BABAR-PUB-13-002},
}

% B factories

@Article{BaBar:2014omp,
  author        = {Bevan, A. J. and others},
  journal       = {Eur. Phys. J. C},
  title         = {{The physics of the B factories}},
  year          = {2014},
  pages         = {3026},
  volume        = {74},
  archiveprefix = {arXiv},
  collaboration = {BaBar and Belle},
  doi           = {10.1140/epjc/s10052-014-3026-9},
  eprint        = {1406.6311},
  file          = {:pdfs/b_2014_physics_of_b_factories.pdf:PDF},
  groups        = {b, references, b_factories},
  primaryclass  = {hep-ex},
  reportnumber  = {SLAC-PUB-15968, KEK-PREPRINT-2014-3, FERMILAB-PUB-14-262-T},
}

@Article{BaBar:2016rxh,
  author        = {Lees, J. P. and others},
  journal       = {Phys. Rev. D},
  title         = {{Measurement of the inclusive electron spectrum from B meson decays and determination of $|V_{ub}|$}},
  year          = {2017},
  number        = {7},
  pages         = {072001},
  volume        = {95},
  archiveprefix = {arXiv},
  collaboration = {BaBar},
  doi           = {10.1103/PhysRevD.95.072001},
  eprint        = {1611.05624},
  groups        = {b_factories},
  primaryclass  = {hep-ex},
  reportnumber  = {BABAR-PUB-16-006, SLAC-PUB-16855},
}

@Article{BaBar:2016wgb,
  author        = {Lees, J. P. and others},
  journal       = {Phys. Rev. Lett.},
  title         = {{Search for $B^{+}\rightarrow K^{+} \tau^{+}\tau^{-}$ at the BaBar experiment}},
  year          = {2017},
  number        = {3},
  pages         = {031802},
  volume        = {118},
  archiveprefix = {arXiv},
  collaboration = {BaBar},
  doi           = {10.1103/PhysRevLett.118.031802},
  eprint        = {1605.09637},
  groups        = {b_factories},
  primaryclass  = {hep-ex},
}

% PHOTOS

@Article{Barberio1991,
  author  = {Barberio, E. and van Eijk, B. and Was, Z.},
  journal = {Comput. Phys. Commun.},
  title   = {{PHOTOS: A universal Monte Carlo for QED radiative corrections in decays}},
  year    = {1991},
  pages   = {115--128},
  volume  = {66},
  doi     = {10.1016/0010-4655(91)90012-A},
  groups  = {simulation},
}

@TechReport{Baszczyk2013,
  author        = {Baszczyk, M. \textit{et al.}},
  title         = {SuperB technical design report},
  year          = {2013},
  archiveprefix = {arXiv},
  collaboration = {SuperB},
  eprint        = {1306.5655},
  groups        = {experimental_setup},
  primaryclass  = {physics.ins-det},
  reportnumber  = {INFN-13-01-PI, LAL-13-01, SLAC-R-1003},
}

@Article{Becirevic:2018afm,
  author        = {Be\v{c}irevi\'c, Damir and Dor\v{s}ner, Ilja and Fajfer, Svjetlana and Ko\v{s}nik, Nejc and Faroughy, Darius A. and Sumensari, Olcyr},
  journal       = {Phys. Rev. D},
  title         = {{Scalar leptoquarks from grand unified theories to accommodate the $B$-physics anomalies}},
  year          = {2018},
  number        = {5},
  pages         = {055003},
  volume        = {98},
  archiveprefix = {arXiv},
  doi           = {10.1103/PhysRevD.98.055003},
  eprint        = {1806.05689},
  file          = {:pdfs/bsm_Becirevic2018_leptoquark.pdf:PDF},
  groups        = {bsm},
  primaryclass  = {hep-ph},
  reportnumber  = {LPT-Orsay-18-76, LPT-ORSAY-18-76},
}

@Article{Belle:2000cnh,
  author        = {Abashian, A. and others},
  journal       = {Nucl. Instrum. Meth. A},
  title         = {{The Belle detector}},
  year          = {2002},
  pages         = {117--232},
  volume        = {479},
  collaboration = {Belle},
  doi           = {10.1016/S0168-9002(01)02013-7},
  groups        = {bsnn_exp},
  reportnumber  = {KEK-PROGRESS-REPORT-2000-4},
}

@Article{Belle:2001zzw,
  author        = {Abe, Kazuo and others},
  journal       = {Phys. Rev. Lett.},
  title         = {{Observation of large CP violation in the neutral $B$ meson system}},
  year          = {2001},
  pages         = {091802},
  volume        = {87},
  archiveprefix = {arXiv},
  collaboration = {Belle},
  doi           = {10.1103/PhysRevLett.87.091802},
  eprint        = {hep-ex/0107061},
  groups        = {b_factories},
  reportnumber  = {KEK-PREPRINT-2001-50, BELLE-PREPRINT-2001-10},
}

@Article{Belle:2006qqw,
  author        = {Abe, Kazuo and others},
  journal       = {Phys. Rev. Lett.},
  title         = {{Measurement of the mass of the $\tau$-lepton and an upper limit on the mass difference between $\tau^+$ and $\tau^-$}},
  year          = {2007},
  pages         = {011801},
  volume        = {99},
  archiveprefix = {arXiv},
  collaboration = {Belle},
  doi           = {10.1103/PhysRevLett.99.011801},
  editor        = {Sissakian, Alexey and Kozlov, Gennady and Kolganova, Elena},
  eprint        = {hep-ex/0608046},
  groups        = {b_factories},
  reportnumber  = {BELLE-CONF-0657},
}

@Article{Belle:2007qae,
  author        = {Uehara, S. and others},
  journal       = {Eur. Phys. J. C},
  title         = {{Study of charmonia in four-meson final states produced in two-photon collisions}},
  year          = {2008},
  pages         = {1--14},
  volume        = {53},
  archiveprefix = {arXiv},
  collaboration = {Belle},
  doi           = {10.1140/epjc/s10052-007-0451-z},
  eprint        = {0706.3955},
  groups        = {simulation},
  primaryclass  = {hep-ex},
  reportnumber  = {BELLE-2007-29, KEK-2007-26},
}

@Article{Belle:2007vmd,
  author        = {Chen, K. -F. and others},
  journal       = {Phys. Rev. Lett.},
  title         = {{Search for $B \to h^{(*)} \nu \bar\nu$ decays at Belle}},
  year          = {2007},
  pages         = {221802},
  volume        = {99},
  archiveprefix = {arXiv},
  collaboration = {Belle},
  doi           = {10.1103/PhysRevLett.99.221802},
  eprint        = {0707.0138},
  file          = {:pdfs/bsnn_exp_Belle2007_hadronic_tag.pdf:PDF},
  groups        = {bsnn_exp},
  primaryclass  = {hep-ex},
  reportnumber  = {BELLE-PREPRINT-2007-30, KEK-PREPRINT-2007-22},
}

@Article{Belle:2009zue,
  author        = {Wei, J. -T. and others},
  journal       = {Phys. Rev. Lett.},
  title         = {{Measurement of the differential branching fraction and forward-backward asymmetry for $B \to K^{(*)}\ell^+\ell^-$}},
  year          = {2009},
  pages         = {171801},
  volume        = {103},
  archiveprefix = {arXiv},
  collaboration = {Belle},
  doi           = {10.1103/PhysRevLett.103.171801},
  eprint        = {0904.0770},
  groups        = {b_factories},
  primaryclass  = {hep-ex},
  reportnumber  = {BELLE-PREPRINT-2009-7, KEK-PREPRINT-2008-56},
}

@Article{Belle:2012iwr,
  author        = {Brodzicka, Jolanta and others},
  journal       = {PTEP},
  title         = {{Physics achievements from the Belle experiment}},
  year          = {2012},
  pages         = {04D001},
  volume        = {2012},
  archiveprefix = {arXiv},
  collaboration = {Belle},
  doi           = {10.1093/ptep/pts072},
  eprint        = {1212.5342},
  groups        = {bsnn_exp},
  primaryclass  = {hep-ex},
  reportnumber  = {KEK-REPORT-2012-5},
}

@Article{Belle:2013eck,
  author        = {Uehara, S. and others},
  journal       = {PTEP},
  title         = {{High-statistics study of $K^0_S$ pair production in two-photon collisions}},
  year          = {2013},
  number        = {12},
  pages         = {123C01},
  volume        = {2013},
  archiveprefix = {arXiv},
  collaboration = {Belle},
  doi           = {10.1093/ptep/ptt097},
  eprint        = {1307.7457},
  groups        = {simulation},
  primaryclass  = {hep-ex},
  reportnumber  = {BELLE-PREPRINT-2013-18, KEK-PREPRINT-2013-28},
}

@Article{Belle:2013tnz,
  author        = {Lutz, O. and others},
  journal       = {Phys. Rev. D},
  title         = {{Search for $B \to h^{(*)} \nu \bar{\nu}$ with the full Belle $\Upsilon(4S)$ data sample}},
  year          = {2013},
  number        = {11},
  pages         = {111103},
  volume        = {87},
  archiveprefix = {arXiv},
  collaboration = {Belle},
  doi           = {10.1103/PhysRevD.87.111103},
  eprint        = {1303.3719},
  file          = {:pdfs/bsnn_exp_Belle2013_hadronic_tag.pdf:PDF},
  groups        = {bsnn_exp},
  primaryclass  = {hep-ex},
  reportnumber  = {BELLE-PREPRINT-2013-1, KEK-PREPRINT-2012-37},
}

@Article{Belle:2015odw,
  author        = {Kronenbitter, B. and others},
  journal       = {Phys. Rev. D},
  title         = {{Measurement of the branching fraction of $B^+ \to \tau^+ \nu_\tau$ decays with the semileptonic tagging method}},
  year          = {2015},
  number        = {5},
  pages         = {051102},
  volume        = {92},
  archiveprefix = {arXiv},
  collaboration = {Belle},
  doi           = {10.1103/PhysRevD.92.051102},
  eprint        = {1503.05613},
  groups        = {bsnn_exp},
  primaryclass  = {hep-ex},
  reportnumber  = {KEK-PREPRINT-2014-47},
}

@Article{Belle:2015pkj,
  author        = {Glattauer, R. and others},
  journal       = {Phys. Rev. D},
  title         = {{Measurement of the decay $B\to D\ell\nu_\ell$ in fully reconstructed events and determination of the Cabibbo-Kobayashi-Maskawa matrix element $|V_{cb}|$}},
  year          = {2016},
  number        = {3},
  pages         = {032006},
  volume        = {93},
  archiveprefix = {arXiv},
  collaboration = {Belle},
  doi           = {10.1103/PhysRevD.93.032006},
  eprint        = {1510.03657},
  groups        = {b_factories},
  primaryclass  = {hep-ex},
  reportnumber  = {BELLE-PREPRINT-2015-16, KEK-PREPRINT-2015-43},
}

@Article{Belle:2017oht,
  author        = {Grygier, J. and others},
  journal       = {Phys. Rev. D},
  title         = {{Search for $B\to h\nu\bar{\nu}$ decays with semileptonic tagging at Belle}},
  year          = {2017},
  note          = {[Addendum: Phys.Rev.D 97, 099902 (2018)]},
  number        = {9},
  pages         = {091101},
  volume        = {96},
  archiveprefix = {arXiv},
  collaboration = {Belle},
  doi           = {10.1103/PhysRevD.96.091101},
  eprint        = {1702.03224},
  file          = {:pdfs/bsnn_exp_Belle2017_sl_tag.pdf:PDF},
  groups        = {bsnn_exp},
  primaryclass  = {hep-ex},
}

@Article{Belle:2018ezy,
  author        = {Waheed, E. and others},
  journal       = {Phys. Rev. D},
  title         = {{Measurement of the CKM matrix element $|V_{cb}|$ from $B^0\to D^{*-}\ell^ {+} \nu_\ell$ at Belle}},
  year          = {2019},
  note          = {[Erratum: Phys.Rev.D 103, 079901 (2021)]},
  number        = {5},
  pages         = {052007},
  volume        = {100},
  archiveprefix = {arXiv},
  collaboration = {Belle},
  doi           = {10.1103/PhysRevD.100.052007},
  eprint        = {1809.03290},
  groups        = {b_factories},
  primaryclass  = {hep-ex},
}

@Article{Belle:2019iji,
  author        = {Prim, M. T. and others},
  journal       = {Phys. Rev. D},
  title         = {{Search for $B^+ \to \mu^+\, \nu_\mu$ and $B^+ \to \mu^+\, N$ with inclusive tagging}},
  year          = {2020},
  number        = {3},
  pages         = {032007},
  volume        = {101},
  archiveprefix = {arXiv},
  collaboration = {Belle},
  doi           = {10.1103/PhysRevD.101.032007},
  eprint        = {1911.03186},
  file          = {:pdfs/bsnn_exp_Belle2020_inclusive_tag_for_munu.pdf:PDF},
  groups        = {bsnn_exp},
  primaryclass  = {hep-ex},
  reportnumber  = {Belle Preprint 2019-17, KEK Preprint 2019-39},
}

@Article{Belle:2019oag,
  author        = {Abdesselam, A. and others},
  journal       = {Phys. Rev. Lett.},
  title         = {{Test of lepton-flavor universality in ${B\to K^\ast\ell^+\ell^-}$ decays at Belle}},
  year          = {2021},
  number        = {16},
  pages         = {161801},
  volume        = {126},
  archiveprefix = {arXiv},
  collaboration = {Belle},
  doi           = {10.1103/PhysRevLett.126.161801},
  eprint        = {1904.02440},
  file          = {:pdfs/anomalies_Belle2021_bkll.pdf:PDF},
  groups        = {anomalies, b_factories},
  primaryclass  = {hep-ex},
  reportnumber  = {BELLE-CONF-1901},
}

@Article{BELLE:2019xld,
  author        = {Choudhury, S. and others},
  journal       = {JHEP},
  title         = {{Test of lepton flavor universality and search for lepton flavor violation in $B \rightarrow K\ell \ell$ decays}},
  year          = {2021},
  pages         = {105},
  volume        = {03},
  archiveprefix = {arXiv},
  collaboration = {Belle},
  doi           = {10.1007/JHEP03(2021)105},
  eprint        = {1908.01848},
  file          = {:pdfs/anomalies_Belle2021b_bkll.pdf:PDF},
  groups        = {anomalies},
  primaryclass  = {hep-ex},
  reportnumber  = {BELLE-CONF-1904},
}

@Article{Belle:2020pvy,
  author        = {Seidl, R. and others},
  journal       = {Phys. Rev. D},
  title         = {{Update of inclusive cross sections of single and pairs of identified light charged hadrons}},
  year          = {2020},
  number        = {9},
  pages         = {092004},
  volume        = {101},
  archiveprefix = {arXiv},
  collaboration = {Belle},
  doi           = {10.1103/PhysRevD.101.092004},
  eprint        = {2001.10194},
  primaryclass  = {hep-ex},
  reportnumber  = {Belle Preprint 2020-01, KEK Preprint 2019-56},
}

@Article{Belle:2021efh,
  author        = {Abudin\'en, F. and others},
  journal       = {JHEP},
  title         = {{Combined analysis of Belle and Belle II data to determine the CKM angle $ \phi_{3} $ using $B^+ \to D(K_{S}^0 h^- h^+) h^+$ decays}},
  year          = {2022},
  pages         = {063},
  volume        = {02},
  archiveprefix = {arXiv},
  collaboration = {Belle and Belle II},
  doi           = {10.1007/JHEP02(2022)063},
  eprint        = {2110.12125},
  groups        = {belle2_publications},
  primaryclass  = {hep-ex},
  reportnumber  = {Belle II Preprint 2021-003, KEK Preprint 2021-28},
}

@Article{Belle:2021eni,
  author        = {Cao, L. and others},
  journal       = {Phys. Rev. D},
  title         = {{Measurements of partial branching fractions of inclusive $B \to X_u \, \ell^+\, \nu_{\ell}$ decays with hadronic tagging}},
  year          = {2021},
  number        = {1},
  pages         = {012008},
  volume        = {104},
  archiveprefix = {arXiv},
  collaboration = {Belle},
  doi           = {10.1103/PhysRevD.104.012008},
  eprint        = {2102.00020},
  groups        = {b_factories},
  primaryclass  = {hep-ex},
  reportnumber  = {Belle Preprint 2020-22, KEK Preprint 2020-39},
}

@Article{belle2002,
  author        = {A. Abashian \textit{et al.}},
  journal       = {Nucl. Instrum. Methods.},
  title         = {{The Belle detector}},
  year          = {2002},
  pages         = {117--232},
  volume        = {1},
  collaboration = {Belle},
  doi           = {10.1016/S0168-9002(01)02013-7},
  groups        = {experimental_setup},
}

@Article{Belle-II:2019qfb,
  author        = {Adachi, I. and others},
  journal       = {Phys. Rev. Lett.},
  title         = {{Search for an invisibly decaying $Z^{\prime}$ boson at Belle II in $e^+ e^- \to \mu^+ \mu^- (e^{\pm} \mu^{\mp})$ plus missing energy final states}},
  year          = {2020},
  number        = {14},
  pages         = {141801},
  volume        = {124},
  archiveprefix = {arXiv},
  collaboration = {Belle II},
  doi           = {10.1103/PhysRevLett.124.141801},
  eprint        = {1912.11276},
  file          = {:pdfs/belle2_publication_zprime.pdf:PDF},
  groups        = {belle2_publications},
  primaryclass  = {hep-ex},
  reportnumber  = {Belle II Preprint 2019-002, KEK Preprint 2019-55,},
}

@Article{Belle-II:2019usr,
  author        = {Abudin\'en, F. and others},
  journal       = {Chin. Phys. C},
  title         = {{Measurement of the integrated luminosity of the Phase 2 data of the Belle II experiment}},
  year          = {2020},
  number        = {2},
  pages         = {021001},
  volume        = {44},
  archiveprefix = {arXiv},
  collaboration = {Belle II},
  doi           = {10.1088/1674-1137/44/2/021001},
  eprint        = {1910.05365},
  file          = {:pdfs/belle2_publication_luminosity.pdf:PDF},
  groups        = {belle2_publications},
  primaryclass  = {hep-ex},
  reportnumber  = {Belle II Preprint 2019-001; KEK Preprint 2019-44},
}

@Article{Belle-II:2020jti,
  author        = {Abudin\'en, F. and others},
  journal       = {Phys. Rev. Lett.},
  title         = {{Search for axion-like particles produced in $e^+e^-$ collisions at Belle II}},
  year          = {2020},
  number        = {16},
  pages         = {161806},
  volume        = {125},
  archiveprefix = {arXiv},
  collaboration = {Belle II},
  doi           = {10.1103/PhysRevLett.125.161806},
  eprint        = {2007.13071},
  file          = {:pdfs/belle2_publication_axion.pdf:PDF},
  groups        = {belle2_publications},
  primaryclass  = {hep-ex},
  reportnumber  = {Belle II Preprint 2020-001, KEK Preprint 2020-10},
}

@Article{Belle-II:2021cxx,
  author        = {Abudin\'en, F. and others},
  journal       = {Phys. Rev. Lett.},
  title         = {{Precise measurement of the $D^0$ and $D^+$ lifetimes at Belle II}},
  year          = {2021},
  number        = {21},
  pages         = {211801},
  volume        = {127},
  archiveprefix = {arXiv},
  collaboration = {Belle II},
  doi           = {10.1103/PhysRevLett.127.211801},
  eprint        = {2108.03216},
  file          = {:pdfs/belle2_publication_d_lifetime.pdf:PDF},
  groups        = {belle2_publications},
  primaryclass  = {hep-ex},
  reportnumber  = {Belle II Preprint 2021-002, KEK Preprint 2021-12},
}

@Article{Belle-II:2021rof,
  author        = {Abudin\'en, F. and others},
  journal       = {Phys. Rev. Lett.},
  title         = {{Search for ${B}^{+}\ensuremath{\rightarrow}{K}^{+}\ensuremath{\nu}\overline{\ensuremath{\nu}}$ decays using an inclusive tagging method at Belle II}},
  year          = {2021},
  number        = {18},
  pages         = {181802},
  volume        = {127},
  archiveprefix = {arXiv},
  collaboration = {Belle II},
  doi           = {10.1103/PhysRevLett.127.181802},
  eprint        = {2104.12624},
  file          = {:pdfs/bsnn_exp_BelleII2021_inclusive_tag.pdf:PDF},
  groups        = {references, bsnn_exp, belle2_publications},
  primaryclass  = {hep-ex},
  reportnumber  = {Belle II Preprint 2021-001, KEK Preprint 2020-45},
}

% author        = {Bertacchi, V. \textit{et al.}},
% collaboration = {Belle II Tracking},
@Article{Bertacchi2021,
  author = {{Belle II tracking group}},
  journal       = {Comput. Phys. Commun.},
  title         = {{Track finding at Belle II}},
  year          = {2021},
  pages         = {107610},
  volume        = {259},
  doi           = {10.1016/j.cpc.2020.107610},
  file          = {:pdfs/belle2_publication_tracking_arxiv.pdf:PDF},
  groups        = {tracking, belle2_publications},
}

@Article{BLAKE201750,
  author   = {Thomas Blake and Gaia Lanfranchi and David M. Straub},
  journal  = {Prog. Part. Nucl. Phys.},
  title    = {{Rare B decays as tests of the Standard Model}},
  year     = {2017},
  issn     = {0146-6410},
  pages    = {50-91},
  volume   = {92},
  doi      = {https://doi.org/10.1016/j.ppnp.2016.10.001},
  file     = {:pdfs/bsnn_th_Straub2017_br.pdf:PDF},
  groups   = {bsnn_th},
  keywords = {Flavour physics, B physics, Rare decays, Standard Model, New physics},
  url      = {https://www.sciencedirect.com/science/article/pii/S0146641016300588},
}

@PhdThesis{Braun:2018hfw,
  author       = {Braun, Nils Lennart},
  school       = {KIT, Karlsruhe},
  title        = {{Combinatorial Kalman filter and high level trigger reconstruction for the Belle II experiment}},
  year         = {2018},
  groups       = {thesis, tracking},
  doi          = {\href{https://doi.org/10.1007/978-3-030-24997-7}{10.1007/978-3-030-24997-7}},
  reportnumber = {BELLE2-PTHESIS-2019-002, ETP-KA/2018-23},
}

@Article{Breiman:2001hzm,
  author       = {Breiman, Leo},
  journal      = {Machine Learning},
  title        = {{Random forests}},
  year         = {2001},
  number       = {1},
  pages        = {5-32},
  volume       = {45},
  doi          = {10.1023/A:1010933404324},
  groups       = {data_analysis_techniques},
  slaccitation = {%%CITATION = MALEE,45,5;%%},
}

@Article{Brod:2010hi,
  author        = {Brod, Joachim and Gorbahn, Martin and Stamou, Emmanuel},
  journal       = {Phys. Rev. D},
  title         = {{Two-Loop electroweak corrections for the $K \to \pi \nu \bar{\nu}$ decays}},
  year          = {2011},
  pages         = {034030},
  volume        = {83},
  archiveprefix = {arXiv},
  doi           = {10.1103/PhysRevD.83.034030},
  eprint        = {1009.0947},
  file          = {:pdfs/bsnn_th_Brod2011_xt.pdf:PDF},
  groups        = {bsnn_th},
  primaryclass  = {hep-ph},
}

@Article{Brodsky:1971ud,
  author       = {Brodsky, Stanley J. and Kinoshita, Toichiro and Terazawa, Hidezumi},
  journal      = {Phys. Rev. D},
  title        = {{Two photon mechanism of particle production by high-energy colliding beams}},
  year         = {1971},
  pages        = {1532--1557},
  volume       = {4},
  doi          = {10.1103/PhysRevD.4.1532},
  groups       = {simulation},
  reportnumber = {SLAC-REPRINT-1971-007},
}

% Belle physics

@Article{Brodzicka2012,
  author        = {Brodzicka, J. and others},
  journal       = {Prog. Theor. Exp. Phys.},
  title         = {{Physics achievements from the Belle experiment}},
  year          = {2012},
  pages         = {04D001},
  volume        = {2012},
  collaboration = {Belle},
  doi           = {10.1093/ptep/pts072},
  groups        = {belleII},
}

@Article{Brun:1997pa,
  author       = {Brun, R. and Rademakers, F.},
  title        = {{ROOT: an object oriented data analysis framework}},
  journal      = {Nucl. Instrum. Meth.},
  year         = {1997},
  volume       = {A389},
  pages        = {81-86},
  booktitle    = {{New computing techniques in physics research V. Proceedings, 5th International Workshop, AIHENP '96, Lausanne, Switzerland, September 2-6, 1996}},
  doi          = {10.1016/S0168-9002(97)00048-X},
  groups       = {software},
  slaccitation = {%%CITATION = NUIMA,A389,81;%%},
}

@Article{Buchalla:1993wq,
  author        = {Buchalla, Gerhard and Buras, Andrzej J.},
  journal       = {Nucl. Phys. B},
  title         = {{The rare decays $K^+ \to \pi^+ \nu \bar \nu$ and $K_L \to \mu^+ \mu^-$ beyond leading logarithms}},
  year          = {1994},
  pages         = {106--142},
  volume        = {412},
  archiveprefix = {arXiv},
  doi           = {10.1016/0550-3213(94)90496-0},
  eprint        = {hep-ph/9308272},
  file          = {:pdfs/bsnn_th_Buras1994_xt.pdf:PDF},
  groups        = {bsnn_th},
  reportnumber  = {MPI-PH-93-44, TUM-T31-44-93},
}

@Article{Buchalla:1998ba,
  author        = {Buchalla, Gerhard and Buras, Andrzej J.},
  journal       = {Nucl. Phys. B},
  title         = {{The rare decays $K\to \pi \nu\bar\nu$, $B \to X \nu\bar\nu$ and $B \to l^+ l^-$: an update}},
  year          = {1999},
  pages         = {309--327},
  volume        = {548},
  archiveprefix = {arXiv},
  doi           = {10.1016/S0550-3213(99)00149-2},
  eprint        = {hep-ph/9901288},
  file          = {:pdfs/bsnn_th_Buras1999_xt.pdf:PDF},
  groups        = {bsnn_th},
  reportnumber  = {CERN-TH-98-369, TUM-T31-337-98},
}

@Article{Buchmuller:1986zs,
  author       = {Buchmuller, W. and Ruckl, R. and Wyler, D.},
  journal      = {Phys. Lett. B},
  title        = {{Leptoquarks in lepton-quark collisions}},
  year         = {1987},
  note         = {[Erratum: Phys.Lett.B 448, 320--320 (1999)]},
  pages        = {442--448},
  volume       = {191},
  doi          = {10.1016/0370-2693(87)90637-X},
  groups       = {bsm},
  reportnumber = {DESY-86-150, ITP-UH-14-86},
}

@InProceedings{Buras:1998raa,
  author        = {Buras, Andrzej J.},
  booktitle     = {{Les Houches summer school in theoretical physics}},
  title         = {{Weak Hamiltonian, CP violation and rare decays}},
  year          = {1998},
  archiveprefix = {arXiv},
  eprint        = {hep-ph/9806471},
  file          = {:pdfs/bsnn_th_Buras1998_lecture.pdf:PDF},
  groups        = {bsnn_th},
  reportnumber  = {TUM-HEP-316-98},
}

@Book{Buras:1998vd,
  editor    = {Buras, A. J. and Lindner, M.},
  publisher = {WSP},
  title     = {{Heavy flavours II}},
  year      = {1998},
  address   = {Singapore},
  doi       = {10.1142/2706},
  groups    = {sm},
}

@InProceedings{Buras:2005xt,
  author        = {Buras, Andrzej J.},
  booktitle     = {{European school of high-energy physics}},
  title         = {{Flavor physics and CP violation}},
  year          = {2004},
  archiveprefix = {arXiv},
  eprint        = {hep-ph/0505175},
  file          = {:pdfs/bsnn_th_Buras2005_lecture.pdf:PDF},
  groups        = {bsnn_th},
  reportnumber  = {TUM-HEP-590-05},
}

@Article{Buras:2014fpa,
  author        = {Buras, Andrzej J. and Girrbach-Noe, Jennifer and Niehoff, Christoph and Straub, David M.},
  journal       = {JHEP},
  title         = {{$ B\to {K}^{\left(\ast \right)}\nu \overline{\nu} $ decays in the Standard Model and beyond}},
  year          = {2015},
  pages         = {184},
  volume        = {02},
  archiveprefix = {arXiv},
  doi           = {10.1007/JHEP02(2015)184},
  eprint        = {1409.4557},
  file          = {:pdfs/bsnn_th_Buras2014_br_ff.pdf:PDF},
  groups        = {bsnn_th},
  primaryclass  = {hep-ph},
  reportnumber  = {FLAVOUR(267104)-ERC-80},
}

@Article{Casadei:2009ic,
  author        = {Casadei, Diego},
  journal       = {JINST},
  title         = {{Estimating the selection efficiency}},
  year          = {2012},
  pages         = {P08021},
  volume        = {7},
  archiveprefix = {arXiv},
  doi           = {10.1088/1748-0221/7/08/P08021},
  eprint        = {0908.0130},
  groups        = {data_analysis_techniques},
  primaryclass  = {physics.data-an},
  slaccitation  = {%%CITATION = ARXIV:0908.0130;%%},
}

@InProceedings{Chen:2016:XST:2939672.2939785,
  author    = {Chen, Tianqi and Guestrin, Carlos},
  booktitle = {Proceedings of the 22nd international conference on knowledge discovery and data mining},
  title     = {{XGBoost}: a scalable tree boosting system},
  year      = {2016},
  address   = {New York},
  publisher = {ACM},
  acmid     = {2939785},
  eprint    = {1603.02754},
  file      = {:pdfs/software_Chen2016_xgboost.pdf:PDF},
  groups    = {software, data_analysis_techniques},
  isbn      = {978-1-4503-4232-2},
  keywords  = {large-scale machine learning},
  location  = {San Francisco, California, USA},
  numpages  = {10},
}

@Misc{cicero,
  author = {Cicero},
  title  = {De natura deorum},
  year   = {2,5},
}

@Article{CLEO:1991qyy,
  author        = {Kubota, Y. and others},
  journal       = {Nucl. Instrum. Meth. A},
  title         = {{The CLEO-II detector}},
  year          = {1992},
  pages         = {66--113},
  volume        = {320},
  collaboration = {CLEO},
  doi           = {10.1016/0168-9002(92)90770-5},
  groups        = {bsnn_exp},
  reportnumber  = {CLNS-91-1122, CLEO-91-11},
}

@Article{CLEO:2000yzg,
  author        = {Browder, T. E. and others},
  journal       = {Phys. Rev. Lett.},
  title         = {Search for $\mathit{B}\ensuremath{\rightarrow}\ensuremath{\tau}\ensuremath{\nu}$ and $\mathit{B}\ensuremath{\rightarrow}\mathit{K}\ensuremath{\nu}\overline{\ensuremath{\nu}}$},
  year          = {2001},
  pages         = {2950--2954},
  volume        = {86},
  archiveprefix = {arXiv},
  collaboration = {CLEO},
  doi           = {10.1103/PhysRevLett.86.2950},
  editor        = {Gan, K. K. and Kass, R.},
  eprint        = {hep-ex/0007057},
  file          = {:pdfs/bsnn_exp_CLEO2001_hadronic_tag.pdf:PDF},
  groups        = {bsnn_exp},
  reportnumber  = {SLAC-REPRINT-2000-071, CLNS-00-1674, CLEO-00-10},
}

@Article{Clowe:2006eq,
  author        = {Clowe, Douglas and Bradac, Marusa and Gonzalez, Anthony H. and Markevitch, Maxim and Randall, Scott W. and Jones, Christine and Zaritsky, Dennis},
  title         = {{A direct empirical proof of the existence of dark matter}},
  journal       = {Astrophys. J.},
  year          = {2006},
  volume        = {648},
  pages         = {L109-L113},
  archiveprefix = {arXiv},
  doi           = {10.1086/508162},
  eprint        = {astro-ph/0608407},
  groups        = {dark_matter},
  primaryclass  = {astro-ph},
  reportnumber  = {SLAC-PUB-12078},
  slaccitation  = {%%CITATION = ASTRO-PH/0608407;%%},
}

@Article{CMS:2008xjf,
  author        = {Chatrchyan, S. and others},
  journal       = {JINST},
  title         = {{The CMS Experiment at the CERN LHC}},
  year          = {2008},
  pages         = {S08004},
  volume        = {3},
  collaboration = {CMS},
  doi           = {10.1088/1748-0221/3/08/S08004},
  groups        = {introduction},
}

@Article{CMS:2012qbp,
  author        = {Chatrchyan, Serguei and others},
  journal       = {Phys. Lett. B},
  title         = {{Observation of a new boson at a mass of 125 GeV with the CMS Experiment at the LHC}},
  year          = {2012},
  pages         = {30--61},
  volume        = {716},
  archiveprefix = {arXiv},
  collaboration = {CMS},
  doi           = {10.1016/j.physletb.2012.08.021},
  eprint        = {1207.7235},
  groups        = {introduction},
  primaryclass  = {hep-ex},
  reportnumber  = {CMS-HIG-12-028, CERN-PH-EP-2012-220},
}

@Article{Cornella:2021sby,
  author        = {Cornella, Claudia and Faroughy, Darius A. and Fuentes-Martin, Javier and Isidori, Gino and Neubert, Matthias},
  journal       = {JHEP},
  title         = {{Reading the footprints of the B-meson flavor anomalies}},
  year          = {2021},
  pages         = {050},
  volume        = {08},
  archiveprefix = {arXiv},
  doi           = {10.1007/JHEP08(2021)050},
  eprint        = {2103.16558},
  file          = {:pdfs/anomalies_Cornella2021_theory.pdf:PDF},
  groups        = {anomalies},
  primaryclass  = {hep-ph},
}

@Article{Cowan2011,
  author  = {Cowan, G. and Cranmer, K. and Gross, E. and Vitells, O.},
  journal = {Eur. Phys. J. C},
  title   = {{Asymptotic formulae for likelihood-based tests of new physics}},
  year    = {2011},
  note    = {[73, 2501(E) (2013)]},
  pages   = {1554},
  volume  = {71},
  doi     = {10.1140/epjc/s10052-011-1554-0},
  groups  = {fitting},
}

@TechReport{Cranmer2012,
  author        = {Cranmer, K. \textit{et al.}},
  title         = {{HistFactory: a tool for creating statistical models for use with RooFit and RooStats}},
  year          = {2012},
  number        = {\href{https://cds.cern.ch/record/1456844}{CERN-OPEN-2012-016}},
  collaboration = {ROOT},
  groups        = {fitting},
}

@Article{Davidson:2010rw,
  author        = {Davidson, N. and Nanava, G. and Przedzinski, T. and Richter-Was, E. and Was, Z.},
  journal       = {Comput. Phys. Commun.},
  title         = {{Universal interface of TAUOLA technical and physics documentation}},
  year          = {2012},
  pages         = {821--843},
  volume        = {183},
  archiveprefix = {arXiv},
  doi           = {10.1016/j.cpc.2011.12.009},
  eprint        = {1002.0543},
  groups        = {simulation},
  primaryclass  = {hep-ph},
  reportnumber  = {IFJPAN-IV-2009-10},
}

@Article{Descotes-Genon:2020buf,
  author        = {Descotes-Genon, S\'ebastien and Fajfer, Svjetlana and Kamenik, Jernej F. and Novoa-Brunet, Mart\'\i{}n},
  journal       = {Phys. Lett. B},
  title         = {{Implications of $b\to s\mu\mu$ anomalies for future measurements of $B \to K^{(*)} \nu \bar \nu$ and $K\to \pi \nu \bar \nu$}},
  year          = {2020},
  pages         = {135769},
  volume        = {809},
  archiveprefix = {arXiv},
  doi           = {10.1016/j.physletb.2020.135769},
  eprint        = {2005.03734},
  file          = {:pdfs/anomalies_Descotes2020_implications_of_anomalies_on_b2snn.pdf:PDF},
  groups        = {anomalies},
  primaryclass  = {hep-ph},
}

@Article{Dong:2019wtj,
  author  = {Dong, T. V. and Uno, S. and Uchida, M. and Ozaki, H. and Taniguchi, N. and Nakano, E. and Trabelsi, K.},
  journal = {Nucl. Instrum. Meth. A},
  title   = {{Calibration and alignment of the Belle II central drift chamber}},
  year    = {2019},
  pages   = {132--141},
  volume  = {930},
  doi     = {10.1016/j.nima.2019.03.072},
  groups  = {experimental_setup},
}

@Article{Ellis:2016jkw,
  author        = {Ellis, Joshua},
  journal       = {Comput. Phys. Commun.},
  title         = {{TikZ-Feynman: Feynman diagrams with TikZ}},
  year          = {2017},
  pages         = {103-123},
  volume        = {210},
  archiveprefix = {arXiv},
  doi           = {10.1016/j.cpc.2016.08.019},
  eprint        = {1601.05437},
  groups        = {software},
  primaryclass  = {hep-ph},
  slaccitation  = {%%CITATION = ARXIV:1601.05437;%%},
}

@Article{Englert:1964et,
  author  = {Englert, F. and Brout, R.},
  journal = {Phys. Rev. Lett.},
  title   = {{Broken symmetry and the mass of gauge vector mesons}},
  year    = {1964},
  pages   = {321--323},
  volume  = {13},
  doi     = {10.1103/PhysRevLett.13.321},
  editor  = {Taylor, J. C.},
  groups  = {introduction},
}

@Article{Evans:2008zzb,
  journal = {JINST},
  title   = {{LHC machine}},
  year    = {2008},
  pages   = {S08001},
  volume  = {3},
  doi     = {10.1088/1748-0221/3/08/S08001},
  editor  = {Evans, Lyndon and Bryant, Philip},
  groups  = {bsnn_exp},
}

@Article{Fawcett2006,
  author  = {Tom Fawcett},
  journal = {Pattern Recognit. Lett.},
  title   = {An introduction to ROC analysis},
  year    = {2006},
  number  = {8},
  pages   = {861-874},
  volume  = {27},
  groups  = {data_analysis_techniques},
}

@Article{Feindt:2011mr,
  author        = {Feindt, Michael and Keller, Fabian and Kreps, Michal and Kuhr, Thomas and Neubauer, Sebastian and Zander, Daniel and Zupanc, Anze},
  journal       = {Nucl. Instrum. Meth. A},
  title         = {{A hierarchical NeuroBayes-based algorithm for full reconstruction of B Mesons at B Factories}},
  year          = {2011},
  pages         = {432--440},
  volume        = {654},
  archiveprefix = {arXiv},
  doi           = {10.1016/j.nima.2011.06.008},
  eprint        = {1102.3876},
  groups        = {software},
  primaryclass  = {hep-ex},
}

@Article{Felkl:2021uxi,
  author        = {Felkl, Tobias and Li, Sze Lok and Schmidt, Michael A.},
  journal       = {JHEP},
  title         = {{A tale of invisibility: constraints on new physics in b \textrightarrow{} s\ensuremath{\nu}\ensuremath{\nu}}},
  year          = {2021},
  pages         = {118},
  volume        = {12},
  archiveprefix = {arXiv},
  doi           = {10.1007/JHEP12(2021)118},
  eprint        = {2111.04327},
  file          = {:pdfs/bsnn_th_Felkl2021_new_br.pdf:PDF},
  groups        = {bsnn_th},
  primaryclass  = {hep-ph},
  reportnumber  = {CPPC-2021-13},
}

@Article{Fermi:1934hr,
  author       = {Fermi, E.},
  journal      = {Z. Phys.},
  title        = {{An attempt of a theory of beta radiation}},
  year         = {1934},
  pages        = {161--177},
  volume       = {88},
  doi          = {10.1007/BF01351864},
  groups       = {sm},
  reportnumber = {UCRL-TRANS-726},
}

@Article{Feynman:1958ty,
  author  = {Feynman, R. P. and Gell-Mann, Murray},
  journal = {Phys. Rev.},
  title   = {{Theory of Fermi interaction}},
  year    = {1958},
  pages   = {193--198},
  volume  = {109},
  doi     = {10.1103/PhysRev.109.193},
  editor  = {Brown, L. M.},
  groups  = {sm},
}

@Article{Filimonova:2019tuy,
  author        = {Filimonova, Anastasiia and Sch\"afer, Ruth and Westhoff, Susanne},
  journal       = {Phys. Rev. D},
  title         = {{Probing dark sectors with long-lived particles at Belle II}},
  year          = {2020},
  number        = {9},
  pages         = {095006},
  volume        = {101},
  archiveprefix = {arXiv},
  doi           = {10.1103/PhysRevD.101.095006},
  eprint        = {1911.03490},
  file          = {:pdfs/bsm_Filimonova2020_dark_matter.pdf:PDF},
  groups        = {bsm},
  primaryclass  = {hep-ph},
  reportnumber  = {P3H-19-043},
}

@Article{Fox:1978vu,
  author       = {Fox, Geoffrey C. and Wolfram, Stephen},
  journal      = {Phys. Rev. Lett.},
  title        = {{Observables for the analysis of event shapes in \epem annihilation and other processes}},
  year         = {1978},
  pages        = {1581},
  volume       = {41},
  doi          = {10.1103/PhysRevLett.41.1581},
  file         = {:pdfs/data_analysis_Wolfram1978.pdf:PDF},
  groups       = {data_analysis_techniques},
  reportnumber = {CALT-68-680},
}

@Article{Fox:1978vw,
  author       = {Fox, Geoffrey C. and Wolfram, Stephen},
  journal      = {Nucl. Phys. B},
  title        = {{Event shapes in \epem annihilation}},
  year         = {1979},
  note         = {[Erratum: Nucl.Phys.B 157, 543 (1979)]},
  pages        = {413},
  volume       = {149},
  doi          = {10.1016/0550-3213(79)90120-2},
  file         = {:pdfs/data_analysis_Wolfram1979.pdf:PDF},
  groups       = {search_for_b2knn, data_analysis_techniques},
  reportnumber = {CALT-68-678},
}

@Article{FREUND1997119,
  author  = {Yoav Freund and Robert E Schapire},
  journal = {Jour. Comp. Syst. Sci.},
  title   = {A decision-theoretic generalization of on-line learning and an application to boosting},
  year    = {1997},
  issn    = {0022-0000},
  number  = {1},
  pages   = {119-139},
  volume  = {55},
  doi     = {https://doi.org/10.1006/jcss.1997.1504},
  file    = {:pdfs/data_analysis_Freund1996_AdaBoost.pdf:PDF},
  groups  = {software, data_analysis_techniques},
  url     = {https://www.sciencedirect.com/science/article/pii/S002200009791504X},
}

@Article{Friedman:2000,
  author  = {Friedman, Jerome H. and Hastie, Trevor and Tibshirani, Robert},
  journal = {Ann. Statist.},
  title   = {{Additive logistic regression: a statistical view of boosting}},
  year    = {2000},
  number  = {2},
  pages   = {337--407},
  volume  = {28},
  doi     = {10.1214/aos/1016218223},
  file    = {:pdfs/software_Friedman2000_gradient_boosting.pdf:PDF},
  groups  = {software},
}

@Article{Friedman:2001wbq,
  author  = {Friedman, Jerome H.},
  journal = {Ann. Statist.},
  title   = {{Greedy function approximation: a gradient boosting machine}},
  year    = {2001},
  number  = {5},
  pages   = {1189--1232},
  volume  = {29},
  doi     = {10.1214/aos/1013203451},
  file    = {:pdfs/software_Friedman2001_gradient_boosting.pdf:PDF},
  groups  = {software},
}

@Article{Friedman:2002we,
  author       = {Friedman, Jerome H.},
  journal      = {Comput. Stat. Data Anal.},
  title        = {{Stochastic gradient boosting}},
  year         = {2002},
  pages        = {367--378},
  volume       = {38},
  doi          = {10.1016/S0167-9473(01)00065-2},
  file         = {:pdfs/software_Friedman2002_gradient_boosting.pdf:PDF},
  groups       = {software},
  reportnumber = {SLAC-REPRINT-2002-017},
}

@Article{Gaillard:1974hs,
  author       = {Gaillard, M. K. and Lee, Benjamin W.},
  journal      = {Phys. Rev. D},
  title        = {{Rare decay modes of the K-Mesons in gauge theories}},
  year         = {1974},
  pages        = {897},
  volume       = {10},
  doi          = {10.1103/PhysRevD.10.897},
  file         = {:pdfs/bsnn_th_Gaillard1974_k2pnn.pdf:PDF},
  groups       = {bsnn_th},
  reportnumber = {NAL-PUB-74-021-THY, FERMILAB-PUB-74-021-T, NAL-PUB-74-21-THY},
}

@Article{Glashow:1961tr,
  author       = {Glashow, S. L.},
  journal      = {Nucl. Phys.},
  title        = {{Partial symmetries of weak interactions}},
  year         = {1961},
  pages        = {579-588},
  volume       = {22},
  doi          = {10.1016/0029-5582(61)90469-2},
  file         = {:pdfs/sm_Glashow1961_weak_interaction.pdf:PDF},
  groups       = {sm, introduction},
  slaccitation = {%%CITATION = NUPHA,22,579;%%},
}

@Article{Glashow:1970gm,
  author  = {Glashow, S. L. and Iliopoulos, J. and Maiani, L.},
  journal = {Phys. Rev. D},
  title   = {{Weak interactions with lepton-hadron symmetry}},
  year    = {1970},
  pages   = {1285--1292},
  volume  = {2},
  doi     = {10.1103/PhysRevD.2.1285},
  file    = {:pdfs/sm_Glashow1970_fcnc.pdf:PDF},
  groups  = {sm},
}

@Article{Guralnik:1964eu,
  author  = {Guralnik, G. S. and Hagen, C. R. and Kibble, T. W. B.},
  journal = {Phys. Rev. Lett.},
  title   = {{Global conservation laws and massless particles}},
  year    = {1964},
  pages   = {585--587},
  volume  = {13},
  doi     = {10.1103/PhysRevLett.13.585},
  editor  = {Taylor, J. C.},
  groups  = {introduction},
}

@Book{hastie01statisticallearning,
  author    = {Hastie, Trevor and Tibshirani, Robert and Friedman, Jerome},
  publisher = {Springer},
  title     = {The elements of statistical learning},
  year      = {2001},
  address   = {New York},
  added-at  = {2008-05-16T16:17:42.000+0200},
  biburl    = {https://www.bibsonomy.org/bibtex/2f58afc5c9793fcc8ad8389824e57984c/sb3000},
  groups    = {data_analysis_techniques},
  interhash = {d585aea274f2b9b228fc1629bc273644},
  intrahash = {f58afc5c9793fcc8ad8389824e57984c},
  keywords  = {ml statistics},
  timestamp = {2008-05-16T16:17:43.000+0200},
}

@Software{Heinrich,
  author  = {Heinrich, L. and Feickert, M. and Stark, G. and Cranmer, K.},
  doi     = {10.5281/zenodo.1169739},
  groups  = {fitting},
  note    = {https://github.com/scikit-hep/pyhf/releases/tag/v0.5.4},
  title   = {{PYHF: v0.5.4}},
  version = {0.5.4},
}

@Article{Heinrich2021,
  author    = {Heinrich, L. and Feickert, M. and Stark, G. and Cranmer, K.},
  journal   = {Journal of Open Source Software},
  title     = {{pyhf: pure-Python implementation of HistFactory statistical models}},
  year      = {2021},
  number    = {58},
  pages     = {2823},
  volume    = {6},
  doi       = {10.21105/joss.02823},
  groups    = {fitting},
  publisher = {The Open Journal},
}

@Article{Higgs:1964pj,
  author  = {Higgs, Peter W.},
  journal = {Phys. Rev. Lett.},
  title   = {{Broken symmetries and the masses of gauge bosons}},
  year    = {1964},
  pages   = {508--509},
  volume  = {13},
  doi     = {10.1103/PhysRevLett.13.508},
  editor  = {Taylor, J. C.},
  groups  = {introduction},
}

@Article{Hill:1998ea,
  author  = {Hill, T. S.},
  journal = {Nucl. Instrum. Meth. A},
  title   = {{The CLEO-II silicon vertex detector}},
  year    = {1998},
  pages   = {32--39},
  volume  = {418},
  doi     = {10.1016/S0168-9002(98)00714-1},
  editor  = {do Couto e Silva, E. and Shellard, R. C.},
  groups  = {bsnn_exp},
}

@Article{Hodges1958,
  author  = {Hodges, J. L.},
  journal = {Arkiv f{\"o}r Matematik},
  title   = {{The significance probability of the Smirnov two-sample test}},
  year    = {1958},
  pages   = {469--486},
  volume  = {3},
  groups  = {data_analysis_techniques},
}

@Article{Inami:1980fz,
  author       = {Inami, T. and Lim, C. S.},
  journal      = {Prog. Theor. Phys.},
  title        = {{Effects of superheavy quarks and leptons in low-energy weak processes $K_L\to\mu\bar{\mu}$, $\Kp\to\pip\nu\nub$ and $\Kz\leftrightarrow\Kzb$}},
  year         = {1981},
  note         = {[Erratum: Prog.Theor.Phys. 65, 1772 (1981)]},
  pages        = {297},
  volume       = {65},
  doi          = {10.1143/PTP.65.297},
  file         = {:pdfs/bsnn_th_Inami1981_br.pdf:PDF},
  groups       = {sm},
  reportnumber = {UT-KOMABA-80-8},
}

@Article{Inami2008,
  author  = {Inami, K},
  journal = {Nucl. Instrum. Meth. A},
  title   = {{Development of a TOP counter for the super B factory}},
  year    = {2008},
  pages   = {96--99},
  volume  = {595},
  date    = {2008},
  doi     = {10.1016/j.nima.2008.07.045},
  groups  = {experimental_setup},
}

@Article{Jadach:1999vf,
  author        = {Jadach, S. and Ward, B. F. L. and Was, Z.},
  journal       = {Comput. Phys. Commun.},
  title         = {{The precision Monte Carlo event generator KK for two fermion final states in \epem collisions}},
  year          = {2000},
  pages         = {260--325},
  volume        = {130},
  archiveprefix = {arXiv},
  doi           = {10.1016/S0010-4655(00)00048-5},
  eprint        = {hep-ph/9912214},
  groups        = {simulation},
  reportnumber  = {DESY-99-106, CERN-TH-99-235, UTHEP-99-08-01},
}

@Article{Jadach:2000ir,
  author        = {Jadach, S. and Ward, B. F. L. and Was, Z.},
  journal       = {Phys. Rev. D},
  title         = {{Coherent exclusive exponentiation for precision Monte Carlo calculations}},
  year          = {2001},
  pages         = {113009},
  volume        = {63},
  archiveprefix = {arXiv},
  doi           = {10.1103/PhysRevD.63.113009},
  eprint        = {hep-ph/0006359},
  groups        = {simulation},
  reportnumber  = {CERN-TH-2000-087, UTHEP-99-09-01},
}

% TAUOLA

@Article{Jadach1991,
  author  = {Jadach, S. and Ward, B. F. L. and Was, Z.},
  journal = {Comput. Phys. Commun.},
  title   = {{TAUOLA: a library of Monte Carlo programs to simulate decays of polarized $\tau$ leptons}},
  year    = {1991},
  pages   = {275--299},
  volume  = {64},
  doi     = {10.1016/0010-4655(91)90038-M},
  groups  = {simulation},
}

@Article{Kamenik:2009kc,
  author        = {Kamenik, Jernej F. and Smith, Christopher},
  journal       = {Phys. Lett. B},
  title         = {{Tree-level contributions to the rare decays $\Bp\to\pip\nu\nub$, $\Bp\to\Kp\nu\nub$, and $\Bp\to\K^{*+}\nu\nub$ in the Standard Model}},
  year          = {2009},
  pages         = {471--475},
  volume        = {680},
  archiveprefix = {arXiv},
  doi           = {10.1016/j.physletb.2009.09.041},
  eprint        = {0908.1174},
  file          = {:pdfs/bsnn_th_Kamenik2011_tau_background.pdf:PDF},
  groups        = {bsnn_th},
  primaryclass  = {hep-ph},
  reportnumber  = {TTP09-27, SFB-CPP-09-71},
}

@Article{KamLAND:2002uet,
  author        = {Eguchi, K. and others},
  journal       = {Phys. Rev. Lett.},
  title         = {{First results from KamLAND: evidence for reactor anti-neutrino disappearance}},
  year          = {2003},
  pages         = {021802},
  volume        = {90},
  archiveprefix = {arXiv},
  collaboration = {KamLAND},
  doi           = {10.1103/PhysRevLett.90.021802},
  eprint        = {hep-ex/0212021},
  groups        = {tensions, introduction},
}

@Article{KamLAND:2004mhv,
  author        = {Araki, T. and others},
  journal       = {Phys. Rev. Lett.},
  title         = {{Measurement of neutrino oscillation with KamLAND: evidence of spectral distortion}},
  year          = {2005},
  pages         = {081801},
  volume        = {94},
  archiveprefix = {arXiv},
  collaboration = {KamLAND},
  doi           = {10.1103/PhysRevLett.94.081801},
  eprint        = {hep-ex/0406035},
  groups        = {tensions, introduction},
}

@Article{KamLAND:2008dgz,
  author        = {Abe, S. and others},
  journal       = {Phys. Rev. Lett.},
  title         = {{Precision measurement of neutrino oscillation parameters with KamLAND}},
  year          = {2008},
  pages         = {221803},
  volume        = {100},
  archiveprefix = {arXiv},
  collaboration = {KamLAND},
  doi           = {10.1103/PhysRevLett.100.221803},
  eprint        = {0801.4589},
  groups        = {tensions, introduction},
  primaryclass  = {hep-ex},
}

@Article{Keck:2017gsv,
  author  = {Keck, Thomas},
  journal = {Comput. Softw. Big Sci.},
  title   = {{FastBDT: a speed-optimized multivariate classification algorithm for the Belle II experiment}},
  year    = {2017},
  number  = {1},
  pages   = {2},
  volume  = {1},
  doi     = {10.1007/s41781-017-0002-8},
  file    = {:pdfs/software_Keck2017_fastbdt.pdf:PDF},
  groups  = {software, data_analysis_techniques},
}

% FEI

@Article{Keck2019,
  author  = {Keck, T. \textit{et al.}},
  journal = {Comput. Softw. Big Sci.},
  title   = {{The full event interpretation}},
  year    = {2019},
  pages   = {6},
  volume  = {3},
  doi     = {10.1007/s41781-019-0021-8},
  groups  = {software},
}

@TechReport{KEKTsukuba:1995urg,
  title        = {{KEKB B factory design report}},
  year         = {1995},
  month        = {6},
  groups       = {experimental_setup},
  reportnumber = {KEK-REPORT-95-7, KEK-REPORT-95-07, KEK-REPORT-95-007, KEK-95-7},
}

@Article{Kemmer:1987ph,
  author  = {Kemmer, J. and Belau, E. and Prechtel, U. and Welser, W. and Lutz, G.},
  journal = {Nucl. Instrum. Meth. A},
  title   = {{Low capacity drift diode}},
  year    = {1987},
  pages   = {378--381},
  volume  = {253},
  doi     = {10.1016/0168-9002(87)90519-5},
  groups  = {experimental_setup},
}

% CKM

@Article{Kobayashi1973,
  author  = {Kobayashi, M. and Maskawa, T.},
  journal = {Prog. Theor. Phys.},
  title   = {{CP violation in the renormalizable theory of weak interaction}},
  year    = {1973},
  pages   = {652--657},
  volume  = {49},
  doi     = {10.1143/PTP.49.652},
  groups  = {sm},
}

@Book{kolmogorov,
  author    = {A N Kolmogorov},
  publisher = {Chelsea Publishing Company},
  title     = {Foundations of the theory of probability},
  year      = {1956},
  address   = {New York, NY, USA},
  biburl    = {http://www.mathematik.com/Kolmogorov/0005.html},
  groups    = {data_analysis_techniques},
}

% Belle II Physics Book
@Article{Kou2020,
    author = "Altmannshofer, W. and others",
    editor = "Kou, E. and Urquijo, P.",
    collaboration = "Belle II",
    title = "{The Belle II physics book}",
    eprint = "1808.10567",
    archivePrefix = "arXiv",
    primaryClass = "hep-ex",
    reportNumber = "KEK Preprint 2018-27, BELLE2-PUB-PH-2018-001, FERMILAB-PUB-18-398-T, JLAB-THY-18-2780, INT-PUB-18-047, UWThPh 2018-26",
    doi = "10.1093/ptep/ptz106",
    journal = "PTEP",
    volume = "2019",
    number = "12",
    pages = "123C01",
    year = "2019",
    note = "[Erratum: PTEP 2020, 029201 (2020)]",
  file      = {:pdfs/b_2019_belleII_physics_book.pdf:PDF},
  groups    = {b, references, b_factories},
}

% basf2
% author        = {Kuhr, T. and Pulvermacher, C. and Ritter, M. and Hauth, T. and Braun, N.},
@Article{Kuhr2019,
  author        = {{Belle II framework software group}},
  journal       = {Comput. Software Big Sci.},
  title         = {{The Belle II core software}},
  year          = {2019},
  pages         = {1},
  volume        = {3},
  doi           = {10.1007/s41781-018-0017-9},
  groups        = {software},
}

@Article{Kupsc:2020dms,
  author  = {Kupsc, Andrzej},
  journal = {EPJ Web Conf.},
  title   = {{Gamma-gamma physics and meson transition form factors}},
  year    = {2020},
  pages   = {01008},
  volume  = {234},
  doi     = {10.1051/epjconf/202023401008},
  editor  = {D'Ambrosio, G. and Iacovacci, M. and Mastroianni, S. and Passera, M. and Venanzoni, G.},
  groups  = {simulation},
}

@Article{L3:2005dor,
  author        = {Achard, P. and others},
  journal       = {Phys. Lett. B},
  title         = {{Analysis of the $\pip\pim\pip\pim$ and $\pip\piz\pim\piz$ final states in quasi-real two-photon collisions at LEP}},
  year          = {2006},
  pages         = {128--139},
  volume        = {638},
  archiveprefix = {arXiv},
  collaboration = {L3},
  doi           = {10.1016/j.physletb.2006.05.006},
  eprint        = {hep-ex/0605021},
  groups        = {simulation},
  reportnumber  = {CERN-PH-EP-2005-058},
}

% EvtGen

@Article{Lange2001,
  author  = {Lange, D. J.},
  journal = {Nucl. Instrum. Meth. A},
  title   = {{The EvtGen particle decay simulation package}},
  year    = {2001},
  pages   = {152--155},
  volume  = {462},
  doi     = {10.1016/S0168-9002(01)00089-4},
  groups  = {simulation},
}

@Article{Lee2003,
  author        = {Lee, S. H. \textit{et al.}},
  journal       = {Phys. Rev. Lett.},
  title         = {Evidence for ${B}^{0}\ensuremath{\rightarrow}{\ensuremath{\pi}}^{0}{\ensuremath{\pi}}^{0}$},
  year          = {2003},
  pages         = {261801},
  volume        = {91},
  collaboration = {Belle},
  doi           = {10.1103/PhysRevLett.91.261801},
  groups        = {search_for_b2knn, data_analysis_techniques},
}

@Article{LeNail2019,
  author    = {Alexander LeNail},
  journal   = {Journal of Open Source Software},
  title     = {NN-SVG: publication-ready neural network architecture schematics},
  year      = {2019},
  number    = {33},
  pages     = {747},
  volume    = {4},
  doi       = {10.21105/joss.00747},
  groups    = {data_analysis_techniques},
  publisher = {The Open Journal},
  url       = {https://doi.org/10.21105/joss.00747},
}

@Article{LHCb:2008vvz,
  author        = {Alves, Jr., A. Augusto and others},
  journal       = {JINST},
  title         = {{The LHCb detector at the LHC}},
  year          = {2008},
  pages         = {S08005},
  volume        = {3},
  collaboration = {LHCb},
  doi           = {10.1088/1748-0221/3/08/S08005},
  groups        = {bsnn_exp},
  reportnumber  = {LHCb-DP-2008-001},
}

@Article{LHCb:2013ghj,
  author        = {Aaij, R and others},
  journal       = {Phys. Rev. Lett.},
  title         = {{Measurement of form-factor-independent observables in the decay $B^{0} \to K^{*0} \mu^+ \mu^-$}},
  year          = {2013},
  pages         = {191801},
  volume        = {111},
  archiveprefix = {arXiv},
  collaboration = {LHCb},
  doi           = {10.1103/PhysRevLett.111.191801},
  eprint        = {1308.1707},
  file          = {:pdfs/anomalies_LHCb2013_bkll.pdf:PDF},
  groups        = {anomalies},
  primaryclass  = {hep-ex},
  reportnumber  = {LHCB-PAPER-2013-037, CERN-PH-EP-2013-146},
}

@Article{LHCb:2014cxe,
  author        = {Aaij, R. and others},
  journal       = {JHEP},
  title         = {{Differential branching fractions and isospin asymmetries of $B \to K^{(*)} \mu^+ \mu^-$ decays}},
  year          = {2014},
  pages         = {133},
  volume        = {06},
  archiveprefix = {arXiv},
  collaboration = {LHCb},
  doi           = {10.1007/JHEP06(2014)133},
  eprint        = {1403.8044},
  file          = {:pdfs/anomalies_LHCb2014_bkll.pdf:PDF},
  groups        = {anomalies},
  primaryclass  = {hep-ex},
  reportnumber  = {LHCB-PAPER-2014-006, CERN-PH-EP-2014-055},
}

@Article{LHCb:2014set,
  author        = {Aaij, Roel and others},
  journal       = {Int. J. Mod. Phys. A},
  title         = {{LHCb detector performance}},
  year          = {2015},
  number        = {07},
  pages         = {1530022},
  volume        = {30},
  archiveprefix = {arXiv},
  collaboration = {LHCb},
  doi           = {10.1142/S0217751X15300227},
  eprint        = {1412.6352},
  groups        = {bsnn_exp},
  primaryclass  = {hep-ex},
  reportnumber  = {LHCB-DP-2014-002, CERN-PH-EP-2014-290},
}

@Article{LHCb:2015svh,
  author        = {Aaij, Roel and others},
  journal       = {JHEP},
  title         = {{Angular analysis of the $B^{0} \to K^{*0} \mu^{+} \mu^{-}$ decay using 3 fb$^{-1}$ of integrated luminosity}},
  year          = {2016},
  pages         = {104},
  volume        = {02},
  archiveprefix = {arXiv},
  collaboration = {LHCb},
  doi           = {10.1007/JHEP02(2016)104},
  eprint        = {1512.04442},
  file          = {:pdfs/anomalies_LHCb2016_bkll.pdf:PDF},
  groups        = {anomalies},
  primaryclass  = {hep-ex},
  reportnumber  = {CERN-PH-EP-2015-314, LHCB-PAPER-2015-051},
}

@Article{LHCb:2017avl,
  author        = {Aaij, R. and others},
  journal       = {JHEP},
  title         = {{Test of lepton universality with $B^{0} \rightarrow K^{*0}\ell^{+}\ell^{-}$ decays}},
  year          = {2017},
  pages         = {055},
  volume        = {08},
  archiveprefix = {arXiv},
  collaboration = {LHCb},
  doi           = {10.1007/JHEP08(2017)055},
  eprint        = {1705.05802},
  file          = {:pdfs/anomalies_LHCb2017_bkll.pdf:PDF},
  groups        = {anomalies},
  primaryclass  = {hep-ex},
  reportnumber  = {LHCB-PAPER-2017-013, CERN-EP-2017-100},
}

@Article{LHCb:2019hip,
  author        = {Aaij, Roel and others},
  journal       = {Phys. Rev. Lett.},
  title         = {{Search for lepton-universality violation in $B^+\to K^+\ell^+\ell^-$ decays}},
  year          = {2019},
  number        = {19},
  pages         = {191801},
  volume        = {122},
  archiveprefix = {arXiv},
  collaboration = {LHCb},
  doi           = {10.1103/PhysRevLett.122.191801},
  eprint        = {1903.09252},
  file          = {:pdfs/anomalies_LHCb2019_bkll.pdf:PDF},
  groups        = {anomalies},
  primaryclass  = {hep-ex},
  reportnumber  = {LHCb-PAPER-2019-009, CERN-EP-2019-043, LHCb-PAPER-2019-009 CERN-EP-2019-043},
}

@Article{LHCb:2020gog,
  author        = {Aaij, Roel and others},
  journal       = {Phys. Rev. Lett.},
  title         = {{Angular analysis of the $B^{+}\rightarrow K^{\ast+}\mu^{+}\mu^{-}$ decay}},
  year          = {2021},
  number        = {16},
  pages         = {161802},
  volume        = {126},
  archiveprefix = {arXiv},
  collaboration = {LHCb},
  doi           = {10.1103/PhysRevLett.126.161802},
  eprint        = {2012.13241},
  file          = {:pdfs/anomalies_LHCb2021b_bkll.pdf:PDF},
  groups        = {anomalies},
  primaryclass  = {hep-ex},
  reportnumber  = {LHCb-PAPER-2020-041, CERN-EP-2020-239},
}

@Article{LHCb:2020lmf,
  author        = {Aaij, Roel and others},
  journal       = {Phys. Rev. Lett.},
  title         = {{Measurement of $CP$-averaged observables in the $B^{0}\rightarrow K^{*0}\mu^{+}\mu^{-}$ Decay}},
  year          = {2020},
  number        = {1},
  pages         = {011802},
  volume        = {125},
  archiveprefix = {arXiv},
  collaboration = {LHCb},
  doi           = {10.1103/PhysRevLett.125.011802},
  eprint        = {2003.04831},
  file          = {:pdfs/anomalies_LHCb2020_bkll.pdf:PDF},
  groups        = {anomalies},
  primaryclass  = {hep-ex},
  reportnumber  = {LHCb-PAPER-2020-002, CERN-EP-2020-027},
}

@Article{LHCb:2021lvy,
  author        = {Aaij, Roel and others},
  journal       = {Phys. Rev. Lett.},
  title         = {{Tests of lepton universality using $B^0\to K^0_S \ell^+ \ell^-$ and $B^+\to K^{*+} \ell^+ \ell^-$ decays}},
  year          = {2022},
  number        = {19},
  pages         = {191802},
  volume        = {128},
  archiveprefix = {arXiv},
  collaboration = {LHCb},
  doi           = {10.1103/PhysRevLett.128.191802},
  eprint        = {2110.09501},
  file          = {:pdfs/anomalies_LHCb2021_bkll.pdf:PDF},
  groups        = {anomalies},
  primaryclass  = {hep-ex},
  reportnumber  = {LHCb-PAPER-2021-038, CERN-EP-2021-208},
}

@Article{LHCb:2021trn,
  author        = {Aaij, Roel and others},
  journal       = {Nature Phys.},
  title         = {{Test of lepton universality in beauty-quark decays}},
  year          = {2022},
  number        = {3},
  pages         = {277--282},
  volume        = {18},
  archiveprefix = {arXiv},
  collaboration = {LHCb},
  doi           = {10.1038/s41567-021-01478-8},
  eprint        = {2103.11769},
  file          = {:pdfs/anomalies_LHCb2022_bkll.pdf:PDF},
  groups        = {anomalies},
  primaryclass  = {hep-ex},
  reportnumber  = {LHCb-PAPER-2021-004, CERN-EP-2021-042},
}

@Article{MartinCamalich:2020dfe,
  author        = {Martin Camalich, Jorge and Pospelov, Maxim and Vuong, Pham Ngoc Hoa and Ziegler, Robert and Zupan, Jure},
  journal       = {Phys. Rev. D},
  title         = {{Quark flavor phenomenology of the QCD axion}},
  year          = {2020},
  number        = {1},
  pages         = {015023},
  volume        = {102},
  archiveprefix = {arXiv},
  doi           = {10.1103/PhysRevD.102.015023},
  eprint        = {2002.04623},
  file          = {:pdfs/bsm_Camalich2020_axion.pdf:PDF},
  groups        = {bsm},
  primaryclass  = {hep-ph},
}

@Article{Martschei2012,
  author  = {Martschei, D and Feindt, M. and Honc, S. and Wagner-Kuhr, J.},
  journal = {J. Phys. Conf. Ser.},
  title   = {{Advanced event reweighting using multivariate analysis}},
  year    = {2012},
  pages   = {012028},
  volume  = {368},
  doi     = {10.1088/1742-6596/368/1/012028},
  groups  = {search_for_b2knn},
}

@Article{Miyabayashi:2020xzp,
  author  = {Miyabayashi, K.},
  journal = {JINST},
  title   = {{Belle II electromagnetic calorimeter and its performance during early SuperKEKB operation}},
  year    = {2020},
  number  = {10},
  pages   = {C10016},
  volume  = {15},
  doi     = {10.1088/1748-0221/15/10/C10016},
  groups  = {experimental_setup},
}

@TechReport{Moll2011,
  author      = {Andreas, Moll and Karlheinz, Ackermann and Martin, Ritter and Markus, Friedl and Immanuel, Gfall and Christian, Kiesling and Manfred, Valentan and Giacomo, Caria},
  institution = {Belle II},
  title       = {The vertex detector numbering scheme},
  year        = {2011},
  number      = {BELLE2-NOTE-TE-2015-010 (internal)},
  groups      = {experimental_setup, tracking},
}

@Article{Muong-2:2006rrc,
  author        = {Bennett, G. W. and others},
  journal       = {Phys. Rev. D},
  title         = {{Final report of the muon E821 anomalous magnetic moment measurement at BNL}},
  year          = {2006},
  pages         = {072003},
  volume        = {73},
  archiveprefix = {arXiv},
  collaboration = {Muon g-2},
  doi           = {10.1103/PhysRevD.73.072003},
  eprint        = {hep-ex/0602035},
  groups        = {tensions, introduction},
}

@Article{Muong-2:2021ojo,
  author        = {Abi, B. and others},
  journal       = {Phys. Rev. Lett.},
  title         = {{Measurement of the positive muon anomalous magnetic moment to 0.46 ppm}},
  year          = {2021},
  number        = {14},
  pages         = {141801},
  volume        = {126},
  archiveprefix = {arXiv},
  collaboration = {Muon g-2},
  doi           = {10.1103/PhysRevLett.126.141801},
  eprint        = {2104.03281},
  groups        = {tensions, introduction},
  primaryclass  = {hep-ex},
  reportnumber  = {FERMILAB-PUB-21-132-E},
}

% author        = {Zyla, P. A. and others},
@Article{ParticleDataGroup:2020ssz,
  author = {{Particle Data Group}},
  journal       = {PTEP},
  title         = {{Review of Particle Physics}},
  year          = {2020},
  number        = {8},
  pages         = {083C01},
  volume        = {2020},
  doi           = {10.1093/ptep/ptaa104},
  file          = {:pdfs/sm_pdg2020.pdf:PDF},
  groups        = {sm, references},
}

@Article{Peccei:1977hh,
  author       = {Peccei, R. D. and Quinn, Helen R.},
  journal      = {Phys. Rev. Lett.},
  title        = {{CP conservation in the presence of instantons}},
  year         = {1977},
  pages        = {1440--1443},
  volume       = {38},
  doi          = {10.1103/PhysRevLett.38.1440},
  groups       = {bsm},
  reportnumber = {ITP-568-STANFORD},
}

@Article{Peccei:1977ur,
  author       = {Peccei, R. D. and Quinn, Helen R.},
  journal      = {Phys. Rev. D},
  title        = {{Constraints imposed by CP conservation in the presence of instantons}},
  year         = {1977},
  pages        = {1791--1797},
  volume       = {16},
  doi          = {10.1103/PhysRevD.16.1791},
  groups       = {bsm},
  reportnumber = {ITP-572-STANFORD},
}

@Article{peterson1954theory,
  author    = {Peterson, WWTG and Birdsall, T and Fox, We},
  journal   = {Trans. IRE Prof. Group Inf. Theory},
  title     = {The theory of signal detectability},
  year      = {1954},
  number    = {4},
  pages     = {171--212},
  volume    = {4},
  groups    = {data_analysis_techniques},
  publisher = {IEEE},
}

@Article{Planck:2018vyg,
  author        = {Aghanim, N. and others},
  journal       = {Astron. Astrophys.},
  title         = {{Planck 2018 results. VI. Cosmological parameters}},
  year          = {2020},
  note          = {[Erratum: Astron.Astrophys. 652, C4 (2021)]},
  pages         = {A6},
  volume        = {641},
  archiveprefix = {arXiv},
  collaboration = {Planck},
  doi           = {10.1051/0004-6361/201833910},
  eprint        = {1807.06209},
  groups        = {dark_matter, bsnn_exp},
  primaryclass  = {astro-ph.CO},
}

@PhdThesis{Pohl:2018nly,
  author       = {Pohl, Sara},
  school       = {Munich U.},
  title        = {{Track reconstruction at the first level trigger of the Belle II experiment}},
  year         = {2017},
  doi          = {10.5282/edoc.22085},
  groups       = {thesis, experimental_setup},
  reportnumber = {BELLE2-PTHESIS-2018-001},
}

@Article{Read2002,
  author  = {Read, A. L.},
  journal = {J. Phys. G},
  title   = {{Presentation of search results: {the $CL_s$ technique}}},
  year    = {2002},
  pages   = {2693--2704},
  volume  = {28},
  doi     = {10.1088/0954-3899/28/10/313},
  groups  = {fitting},
}

@Article{Salam:1968rm,
  author  = {Salam, Abdus},
  journal = {Conf. Proc. C},
  title   = {{Weak and electromagnetic interactions}},
  year    = {1968},
  pages   = {367--377},
  volume  = {680519},
  doi     = {10.1142/9789812795915_0034},
  groups  = {sm, introduction},
}

@Article{scikit-learn,
  author        = {Pedregosa, Fabian and others},
  journal       = {J. Machine Learning Res.},
  title         = {{Scikit-learn: Machine learning in Python}},
  year          = {2011},
  pages         = {2825-2830},
  volume        = {12},
  archiveprefix = {arXiv},
  eprint        = {1201.0490},
  groups        = {data_analysis_techniques},
  primaryclass  = {cs.LG},
  slaccitation  = {%%CITATION = ARXIV:1201.0490;%%},
}

% Pythia

@Article{Sjoestrand2015,
  author  = {Sjöstrand, T. and Ask, S. and Christiansen, J. R. and Corke, R. and Desai, N. and Ilten, P. and Mrenna, S. and Prestel, S. and Rasmussen, C. O. and Skands, P. Z.},
  journal = {Comput. Phys. Commun.},
  title   = {{An introduction to PYTHIA 8.2}},
  year    = {2015},
  pages   = {159--177},
  volume  = {191},
  doi     = {10.1016/j.cpc.2015.01.024},
  groups  = {simulation},
}

@Misc{sm,
  author      = {Galbraith, David and Burgard, Carsten},
  title       = {Standard Model, Standard Infographic},
  year        = {2012},
  groups      = {sm},
  institution = {CERN},
  url         = {http://www.texample.net/tikz/examples/model-physics/},
}

@Article{SuperB:2007lel,
  author        = {Bona, M. and others},
  title         = {{SuperB: a high-luminosity asymmetric \epem super flavor factory. Conceptual design report}},
  year          = {2007},
  month         = {5},
  archiveprefix = {arXiv},
  collaboration = {SuperB},
  eprint        = {0709.0451},
  groups        = {experimental_setup},
  primaryclass  = {hep-ex},
  reportnumber  = {SLAC-R-856, INFN-AE-07-02, LAL-07-15, INFN-AE-07-2},
}

@Article{tHooft:1972tcz,
  author  = {'t Hooft, Gerard and Veltman, M. J. G.},
  journal = {Nucl. Phys. B},
  title   = {{Regularization and renormalization of gauge fields}},
  year    = {1972},
  pages   = {189--213},
  volume  = {44},
  doi     = {10.1016/0550-3213(72)90279-9},
  groups  = {sm, introduction},
}

@Article{Weinberg:1967tq,
  author       = {Weinberg, Steven},
  journal      = {Phys. Rev. Lett.},
  title        = {{A model of leptons}},
  year         = {1967},
  pages        = {1264-1266},
  volume       = {19},
  doi          = {10.1103/PhysRevLett.19.1264},
  file         = {:pdfs/sm_Weinberg1967_lepton_doublets.pdf:PDF},
  groups       = {sm, introduction},
  slaccitation = {%%CITATION = PRLTA,19,1264;%%},
}

@Article{Weinberg:1977ma,
  author       = {Weinberg, Steven},
  journal      = {Phys. Rev. Lett.},
  title        = {{A new light boson?}},
  year         = {1978},
  pages        = {223--226},
  volume       = {40},
  doi          = {10.1103/PhysRevLett.40.223},
  groups       = {bsm},
  reportnumber = {HUTP-77/A074},
}

@Article{Wilczek:1977pj,
  author       = {Wilczek, Frank},
  journal      = {Phys. Rev. Lett.},
  title        = {{Problem of strong $P$ and $T$ invariance in the presence of instantons}},
  year         = {1978},
  pages        = {279--282},
  volume       = {40},
  doi          = {10.1103/PhysRevLett.40.279},
  groups       = {bsm},
  reportnumber = {Print-77-0939 (COLUMBIA)},
}

@Article{Wilson:1969zs,
  author  = {Wilson, Kenneth G.},
  journal = {Phys. Rev.},
  title   = {{Non-Lagrangian models of current algebra}},
  year    = {1969},
  pages   = {1499--1512},
  volume  = {179},
  doi     = {10.1103/PhysRev.179.1499},
  groups  = {bsnn_th},
}

@Article{Wilson:1972ee,
  author  = {Wilson, K. G. and Zimmermann, W.},
  journal = {Commun. Math. Phys.},
  title   = {{Operator product expansions and composite field operators in the general framework of quantum field theory}},
  year    = {1972},
  pages   = {87--106},
  volume  = {24},
  doi     = {10.1007/BF01878448},
  file    = {:pdfs/bsnn_th_Wilson1972_ope.pdf:PDF},
  groups  = {bsnn_th},
}

@Article{Witten:1977ju,
  author  = {Witten, Edward},
  journal = {Nucl. Phys. B},
  title   = {{Anomalous cross-section for photon-photon scattering in gauge theories}},
  year    = {1977},
  pages   = {189--202},
  volume  = {120},
  doi     = {10.1016/0550-3213(77)90038-4},
  groups  = {bsnn_th},
}

@Book{www,
  author       = {Tim Berners-Lee},
  publisher = {\href{https://www.w3.org/History/1989/proposal.html}{CERN (1989)}},
  title        = {{Information management: a proposal}},
}

@Article{Yan:2019fdl,
  author        = {Yan, Wenbiao},
  journal       = {Frascati Phys. Ser.},
  title         = {{Two-photon processes at Belle}},
  year          = {2019},
  pages         = {43--48},
  volume        = {69},
  collaboration = {Belle},
  editor        = {Corcella, G. and De Lucia, E. and Di Nezza, P. and Gianotti, P. and Pancheri, G.},
  groups        = {simulation},
}

@Article{Zimmermann:1972tv,
  author  = {Zimmermann, Wolfhart},
  journal = {Annals Phys.},
  title   = {{Normal products and the short distance expansion in the perturbation theory of renormalizable interactions}},
  year    = {1973},
  pages   = {570--601},
  volume  = {77},
  doi     = {10.1016/0003-4916(73)90430-2},
  groups  = {bsnn_th},
}

@Article{Zwicky:1937zza,
  author       = {Zwicky, F.},
  title        = {{On the masses of nebulae and of clusters of nebulae}},
  journal      = {Astrophys. J.},
  year         = {1937},
  volume       = {86},
  pages        = {217-246},
  doi          = {10.1086/143864},
  groups       = {dark_matter},
  slaccitation = {%%CITATION = ASJOA,86,217;%%},
}

@Comment{jabref-meta: databaseType:bibtex;}

@Comment{jabref-meta: grouping:
0 AllEntriesGroup:;
1 StaticGroup:experimental_setup\;0\;1\;0x8a8a8aff\;\;\;;
1 StaticGroup:data_analysis_techniques\;0\;0\;0x8a8a8aff\;\;\;;
1 StaticGroup:thesis\;0\;1\;0x8a8a8aff\;\;\;;
1 StaticGroup:references\;0\;1\;0x8a8a8aff\;\;\;;
1 StaticGroup:software\;0\;1\;0x8a8a8aff\;\;\;;
1 StaticGroup:tracking\;0\;1\;0x8a8a8aff\;\;\;;
1 StaticGroup:theory\;2\;1\;0x8a8a8aff\;\;\;;
2 StaticGroup:sm\;0\;1\;0x8a8a8aff\;\;\;;
2 StaticGroup:bsnn_th\;0\;1\;0x8a8a8aff\;\;\;;
2 StaticGroup:anomalies\;0\;1\;0x8a8a8aff\;\;\;;
2 StaticGroup:bsnn_exp\;0\;1\;0x8a8a8aff\;\;\;;
2 StaticGroup:bsm\;0\;1\;0x8a8a8aff\;\;\;;
2 StaticGroup:b\;0\;1\;0x8a8a8aff\;\;\;;
2 StaticGroup:dark_matter\;0\;1\;0x8a8a8aff\;\;\;;
2 StaticGroup:b_factories\;0\;1\;0x8a8a8aff\;\;\;;
2 StaticGroup:tensions\;0\;1\;0x8a8a8aff\;\;\;;
1 StaticGroup:fitting\;0\;0\;0x8a8a8aff\;\;\;;
1 StaticGroup:belleII\;0\;1\;0x8a8a8aff\;\;\;;
1 StaticGroup:simulation\;0\;1\;0x8a8a8aff\;\;\;;
1 StaticGroup:search_for_b2knn\;0\;0\;0x8a8a8aff\;\;\;;
1 StaticGroup:belle2_publications\;0\;0\;0x8a8a8aff\;\;\;;
1 StaticGroup:introduction\;0\;0\;0x8a8a8aff\;\;\;;
}

@Comment{jabref-meta: saveOrderConfig:specified;citationkey;false;author;true;title;true;}
